<?xml version="1.0" encoding="UTF-8"?>
  <record xmlns="http://www.loc.gov/MARC21/slim" type="Authority">
    <leader>00000nz  a2200000nc 4500</leader>
    <controlfield tag="001">118640356</controlfield>
    <controlfield tag="003">DE-101</controlfield>
    <controlfield tag="005">20220309171310.0</controlfield>
    <controlfield tag="008">880701n||azznnaabn           | aaa    |c</controlfield>
    <datafield tag="024" ind1="7" ind2=" ">
      <subfield code="a">118640356</subfield>
      <subfield code="0">http://d-nb.info/gnd/118640356</subfield>
      <subfield code="2">gnd</subfield>
    </datafield>
    <datafield tag="035" ind1=" " ind2=" ">
      <subfield code="a">(DE-101)118640356</subfield>
    </datafield>
    <datafield tag="035" ind1=" " ind2=" ">
      <subfield code="a">(DE-588)118640356</subfield>
    </datafield>
    <datafield tag="035" ind1=" " ind2=" ">
      <subfield code="z">(DE-588)187567794</subfield>
    </datafield>
    <datafield tag="035" ind1=" " ind2=" ">
      <subfield code="z">(DE-588a)187567794</subfield>
      <subfield code="9">v:zg</subfield>
    </datafield>
    <datafield tag="035" ind1=" " ind2=" ">
      <subfield code="z">(DE-588)172219825</subfield>
    </datafield>
    <datafield tag="035" ind1=" " ind2=" ">
      <subfield code="z">(DE-588a)172219825</subfield>
      <subfield code="9">v:zg</subfield>
    </datafield>
    <datafield tag="035" ind1=" " ind2=" ">
      <subfield code="z">(DE-588a)118640356</subfield>
      <subfield code="9">v:zg</subfield>
    </datafield>
    <datafield tag="035" ind1=" " ind2=" ">
      <subfield code="z">(DE-588c)4074058-4</subfield>
      <subfield code="9">v:zg</subfield>
    </datafield>
    <datafield tag="040" ind1=" " ind2=" ">
      <subfield code="a">DE-101</subfield>
      <subfield code="c">DE-101</subfield>
      <subfield code="9">r:DE-101</subfield>
      <subfield code="b">ger</subfield>
      <subfield code="d">9999</subfield>
    </datafield>
    <datafield tag="042" ind1=" " ind2=" ">
      <subfield code="a">gnd1</subfield>
    </datafield>
    <datafield tag="043" ind1=" " ind2=" ">
      <subfield code="c">XA-FR</subfield>
    </datafield>
    <datafield tag="065" ind1=" " ind2=" ">
      <subfield code="a">16.5p</subfield>
      <subfield code="2">sswd</subfield>
    </datafield>
    <datafield tag="075" ind1=" " ind2=" ">
      <subfield code="b">p</subfield>
      <subfield code="2">gndgen</subfield>
    </datafield>
    <datafield tag="075" ind1=" " ind2=" ">
      <subfield code="b">piz</subfield>
      <subfield code="2">gndspec</subfield>
    </datafield>
    <datafield tag="079" ind1=" " ind2=" ">
      <subfield code="a">g</subfield>
      <subfield code="q">s</subfield>
      <subfield code="q">a</subfield>
      <subfield code="q">f</subfield>
      <subfield code="u">w</subfield>
    </datafield>
    <datafield tag="100" ind1="1" ind2=" ">
      <subfield code="a">La Vallière, Françoise-Louise de LaBaume LeBlanc &#152;de&#156;</subfield>
      <subfield code="d">1644-1710</subfield>
    </datafield>
    <datafield tag="400" ind1="1" ind2=" ">
      <subfield code="a">La Vallière, Louise Françoise de LaBaume LeBlanc &#152;de&#156;</subfield>
      <subfield code="d">1644-1710</subfield>
      <subfield code="9">v:B 1996</subfield>
    </datafield>
    <datafield tag="400" ind1="1" ind2=" ">
      <subfield code="a">La Vallière, Louise de L.</subfield>
      <subfield code="d">1644-1710</subfield>
    </datafield>
    <datafield tag="400" ind1="1" ind2=" ">
      <subfield code="a">La Baume Le Blanc La Vallière, Françoise-Louise &#152;de&#156;</subfield>
      <subfield code="d">1644-1710</subfield>
    </datafield>
    <datafield tag="400" ind1="1" ind2=" ">
      <subfield code="a">La Vallière, Françoise-Louise de L.</subfield>
      <subfield code="d">1644-1710</subfield>
    </datafield>
    <datafield tag="400" ind1="1" ind2=" ">
      <subfield code="a">La Baume Le Blanc La Vallière, Louise Françoise &#152;de&#156;</subfield>
      <subfield code="d">1644-1710</subfield>
    </datafield>
    <datafield tag="400" ind1="1" ind2=" ">
      <subfield code="a">La Vallière, Louise F. &#152;de&#156;</subfield>
      <subfield code="d">1644-1710</subfield>
    </datafield>
    <datafield tag="400" ind1="1" ind2=" ">
      <subfield code="a">La Valière, Louise F. &#152;de&#156;</subfield>
      <subfield code="d">1644-1710</subfield>
    </datafield>
    <datafield tag="400" ind1="1" ind2=" ">
      <subfield code="a">Valière, Louise F. &#152;de la&#156;</subfield>
      <subfield code="d">1644-1710</subfield>
    </datafield>
    <datafield tag="400" ind1="1" ind2=" ">
      <subfield code="a">La Baume Le Blanc de La Vallière, Louise F. &#152;de&#156;</subfield>
      <subfield code="d">1644-1710</subfield>
    </datafield>
    <datafield tag="400" ind1="1" ind2=" ">
      <subfield code="a">Le Blanc de la Vallière, Louise F.</subfield>
      <subfield code="d">1644-1710</subfield>
    </datafield>
    <datafield tag="400" ind1="1" ind2=" ">
      <subfield code="a">Vallière, Louise F. &#152;de la&#156;</subfield>
      <subfield code="d">1644-1710</subfield>
    </datafield>
    <datafield tag="400" ind1="1" ind2=" ">
      <subfield code="a">La Baume Le Blanc, Louise Françoise &#152;de&#156;</subfield>
      <subfield code="d">1644-1710</subfield>
    </datafield>
    <datafield tag="400" ind1="1" ind2=" ">
      <subfield code="a">LaVallière, Françoise-Louise de LaBaume LeBlanc &#152;de&#156;</subfield>
      <subfield code="d">1644-1710</subfield>
      <subfield code="9">v:RAK alt</subfield>
    </datafield>
    <datafield tag="400" ind1="1" ind2=" ">
      <subfield code="a">LaVallière, Louise Françoise de LaBaume LeBlanc &#152;de&#156;</subfield>
      <subfield code="d">1644-1710</subfield>
      <subfield code="9">v:B 1996, RAK alt</subfield>
    </datafield>
    <datafield tag="400" ind1="1" ind2=" ">
      <subfield code="a">LaVallière, Louise de L.</subfield>
      <subfield code="d">1644-1710</subfield>
      <subfield code="9">v:RAK alt</subfield>
    </datafield>
    <datafield tag="400" ind1="1" ind2=" ">
      <subfield code="a">LaBaume LeBlanc LaVallière, Françoise-Louise &#152;de&#156;</subfield>
      <subfield code="d">1644-1710</subfield>
      <subfield code="9">v:RAK alt</subfield>
    </datafield>
    <datafield tag="400" ind1="1" ind2=" ">
      <subfield code="a">LaVallière, Françoise-Louise de L.</subfield>
      <subfield code="d">1644-1710</subfield>
      <subfield code="9">v:RAK alt</subfield>
    </datafield>
    <datafield tag="400" ind1="1" ind2=" ">
      <subfield code="a">LaBaume LeBlanc LaVallière, Louise Françoise &#152;de&#156;</subfield>
      <subfield code="d">1644-1710</subfield>
      <subfield code="9">v:RAK alt</subfield>
    </datafield>
    <datafield tag="400" ind1="1" ind2=" ">
      <subfield code="a">LaVallière, Louise F. &#152;de&#156;</subfield>
      <subfield code="d">1644-1710</subfield>
      <subfield code="9">v:RAK alt</subfield>
    </datafield>
    <datafield tag="400" ind1="1" ind2=" ">
      <subfield code="a">LaValière, Louise F. &#152;de&#156;</subfield>
      <subfield code="d">1644-1710</subfield>
      <subfield code="9">v:RAK alt</subfield>
    </datafield>
    <datafield tag="400" ind1="1" ind2=" ">
      <subfield code="a">LaBaume LeBlanc de LaVallière, Louise F. &#152;de&#156;</subfield>
      <subfield code="d">1644-1710</subfield>
      <subfield code="9">v:RAK alt</subfield>
    </datafield>
    <datafield tag="400" ind1="1" ind2=" ">
      <subfield code="a">LeBlanc de LaVallière, Louise F.</subfield>
      <subfield code="d">1644-1710</subfield>
      <subfield code="9">v:RAK alt</subfield>
    </datafield>
    <datafield tag="400" ind1="0" ind2=" ">
      <subfield code="a">La Vallière</subfield>
      <subfield code="c">duchesse de</subfield>
      <subfield code="d">1644-1710</subfield>
    </datafield>
    <datafield tag="400" ind1="1" ind2=" ">
      <subfield code="a">La Vallière, Marie-Françoise de La Baume Le Blanc</subfield>
      <subfield code="c">duchesse de</subfield>
      <subfield code="d">1644-1710</subfield>
    </datafield>
    <datafield tag="400" ind1="1" ind2=" ">
      <subfield code="a">La Vallière, Louise-Françoise de La Baume Le Blanc</subfield>
      <subfield code="c">duchesse de</subfield>
      <subfield code="d">1644-1710</subfield>
    </datafield>
    <datafield tag="400" ind1="1" ind2=" ">
      <subfield code="a">Le Blanc de la Baume, Marie-Françoise</subfield>
      <subfield code="c">duchesse de la Vallière</subfield>
      <subfield code="d">1644-1710</subfield>
    </datafield>
    <datafield tag="400" ind1="1" ind2=" ">
      <subfield code="a">Le Blanc de la Baume, Françoise-Louise</subfield>
      <subfield code="c">duchesse de la Vallière</subfield>
      <subfield code="d">1644-1710</subfield>
    </datafield>
    <datafield tag="400" ind1="1" ind2=" ">
      <subfield code="a">La Baume, Françoise-Louise le Blanc &#152;de&#156;</subfield>
      <subfield code="c">duchesse de la Vallière</subfield>
      <subfield code="d">1644-1710</subfield>
    </datafield>
    <datafield tag="400" ind1="1" ind2=" ">
      <subfield code="a">De la Vallière, Françoise-Louise de La Baume Le Blanc</subfield>
      <subfield code="c">duchesse</subfield>
      <subfield code="d">1644-1710</subfield>
    </datafield>
    <datafield tag="400" ind1="1" ind2=" ">
      <subfield code="a">La Vallière, Françoise-Louise de La Baume Le Blanc</subfield>
      <subfield code="c">duchesse de</subfield>
      <subfield code="d">1644-1710</subfield>
    </datafield>
    <datafield tag="400" ind1="1" ind2=" ">
      <subfield code="a">LaVallière, Françoise Louise de LaBaume LeBlanc &#152;de&#156;</subfield>
      <subfield code="d">1644-1710</subfield>
    </datafield>
    <datafield tag="400" ind1="1" ind2=" ">
      <subfield code="a">LaBaume LeBlanc, Louise Françoise &#152;de&#156;</subfield>
      <subfield code="d">1644-1710</subfield>
    </datafield>
    <datafield tag="400" ind1="1" ind2=" ">
      <subfield code="a">LaValière, Louise Françoise &#152;de&#156;</subfield>
      <subfield code="d">1644-1710</subfield>
    </datafield>
    <datafield tag="400" ind1="1" ind2=" ">
      <subfield code="a">LaVallière, Louise Françoise &#152;de&#156;</subfield>
      <subfield code="d">1644-1710</subfield>
    </datafield>
    <datafield tag="400" ind1="1" ind2=" ">
      <subfield code="a">Valière, Louise Françoise &#152;de&#156;</subfield>
      <subfield code="d">1644-1710</subfield>
    </datafield>
    <datafield tag="400" ind1="0" ind2=" ">
      <subfield code="a">La Vallière</subfield>
      <subfield code="c">Mademoiselle de</subfield>
      <subfield code="d">1644-1710</subfield>
    </datafield>
    <datafield tag="400" ind1="1" ind2=" ">
      <subfield code="a">LaVallière, Louise &#152;de&#156;</subfield>
      <subfield code="d">1644-1710</subfield>
    </datafield>
    <datafield tag="400" ind1="1" ind2=" ">
      <subfield code="a">La Vallière, Louise &#152;de&#156;</subfield>
      <subfield code="d">1644-1710</subfield>
    </datafield>
    <datafield tag="400" ind1="1" ind2=" ">
      <subfield code="a">La Vallière, Louise Françoise &#152;de&#156;</subfield>
      <subfield code="d">1644-1710</subfield>
    </datafield>
    <datafield tag="400" ind1="1" ind2=" ">
      <subfield code="a">LeBlanc, Louise Françoise de LaBaume</subfield>
      <subfield code="c">duchesse de LaVallière</subfield>
      <subfield code="d">1644-1710</subfield>
    </datafield>
    <datafield tag="400" ind1="1" ind2=" ">
      <subfield code="a">LaVallière, Louise Françoise de LaBaume LeBlanc</subfield>
      <subfield code="c">duchesse de</subfield>
      <subfield code="d">1644-1710</subfield>
    </datafield>
    <datafield tag="400" ind1="1" ind2=" ">
      <subfield code="a">La Vallière, Louise Françoise de LaBaume LeBlanc</subfield>
      <subfield code="c">duchesse de</subfield>
      <subfield code="d">1644-1710</subfield>
    </datafield>
    <datafield tag="400" ind1="1" ind2=" ">
      <subfield code="a">Le Blanc, Louise Françoise de La Baume</subfield>
      <subfield code="c">duchesse de La Vallière</subfield>
      <subfield code="d">1644-1710</subfield>
    </datafield>
    <datafield tag="400" ind1="1" ind2=" ">
      <subfield code="a">Vallière, Louise F. &#152;de&#156;</subfield>
      <subfield code="d">1644-1710</subfield>
    </datafield>
    <datafield tag="400" ind1="0" ind2=" ">
      <subfield code="a">Louise</subfield>
      <subfield code="c">de la Miséricorde</subfield>
      <subfield code="d">1644-1710</subfield>
    </datafield>
    <datafield tag="400" ind1="1" ind2=" ">
      <subfield code="a">LaBaume LeBlanc de LaVallière, Louise Françoise &#152;de&#156;</subfield>
      <subfield code="d">1644-1710</subfield>
    </datafield>
    <datafield tag="400" ind1="1" ind2=" ">
      <subfield code="a">LaVallière, Françoise-Louise &#152;de&#156;</subfield>
      <subfield code="d">1644-1710</subfield>
    </datafield>
    <datafield tag="400" ind1="1" ind2=" ">
      <subfield code="a">Vallière, Françoise L. &#152;de&#156;</subfield>
      <subfield code="d">1644-1710</subfield>
    </datafield>
    <datafield tag="400" ind1="1" ind2=" ">
      <subfield code="a">LaVallière, Louise-Françoise de LaBaume LeBlanc &#152;de&#156;</subfield>
      <subfield code="d">1644-1710</subfield>
    </datafield>
    <datafield tag="400" ind1="1" ind2=" ">
      <subfield code="a">LaVallière, Françoise Louise de LaBaume LeBlanc</subfield>
      <subfield code="d">1644-1710</subfield>
    </datafield>
    <datafield tag="400" ind1="1" ind2=" ">
      <subfield code="a">LaVallière, Françoise de LaBaume LeBlanc &#152;de&#156;</subfield>
      <subfield code="d">1644-1710</subfield>
    </datafield>
    <datafield tag="400" ind1="1" ind2=" ">
      <subfield code="a">Vallière, Françoise de LaBaume LeBlanc &#152;de La&#156;</subfield>
      <subfield code="d">1644-1710</subfield>
    </datafield>
    <datafield tag="400" ind1="1" ind2=" ">
      <subfield code="a">LaVallière, Louise F. &#152;de&#156;</subfield>
      <subfield code="d">1644-1710</subfield>
    </datafield>
    <datafield tag="400" ind1="1" ind2=" ">
      <subfield code="a">LaBaume LeBlanc de LaVallière, Louise F. &#152;de&#156;</subfield>
      <subfield code="d">1644-1710</subfield>
    </datafield>
    <datafield tag="400" ind1="1" ind2=" ">
      <subfield code="a">LeBlanc de LaVallière, Louise F.</subfield>
      <subfield code="d">1644-1710</subfield>
    </datafield>
    <datafield tag="400" ind1="1" ind2=" ">
      <subfield code="a">LaVallière, Françoise L. &#152;de&#156;</subfield>
      <subfield code="d">1644-1710</subfield>
    </datafield>
    <datafield tag="500" ind1="0" ind2=" ">
      <subfield code="0">(DE-101)118816829</subfield>
      <subfield code="0">(DE-588)118816829</subfield>
      <subfield code="0">https://d-nb.info/gnd/118816829</subfield>
      <subfield code="a">Ludwig</subfield>
      <subfield code="b">XIV.</subfield>
      <subfield code="c">Frankreich, König</subfield>
      <subfield code="d">1638-1715</subfield>
      <subfield code="4">bezf</subfield>
      <subfield code="4">https://d-nb.info/standards/elementset/gnd#familialRelationship</subfield>
      <subfield code="w">r</subfield>
      <subfield code="i">Beziehung familiaer</subfield>
      <subfield code="e">Beziehung familiaer</subfield>
      <subfield code="9">v:Geliebter</subfield>
    </datafield>
    <datafield tag="500" ind1="1" ind2=" ">
      <subfield code="0">(DE-101)1014525853</subfield>
      <subfield code="0">(DE-588)1014525853</subfield>
      <subfield code="0">https://d-nb.info/gnd/1014525853</subfield>
      <subfield code="a">Conti, Marie Anne de Bourbon &#152;de&#156;</subfield>
      <subfield code="d">1666-1739</subfield>
      <subfield code="4">bezf</subfield>
      <subfield code="4">https://d-nb.info/standards/elementset/gnd#familialRelationship</subfield>
      <subfield code="w">r</subfield>
      <subfield code="i">Beziehung familiaer</subfield>
      <subfield code="e">Beziehung familiaer</subfield>
      <subfield code="9">v:Tochter</subfield>
    </datafield>
    <datafield tag="500" ind1="1" ind2=" ">
      <subfield code="0">(DE-101)1026748496</subfield>
      <subfield code="0">(DE-588)1026748496</subfield>
      <subfield code="0">https://d-nb.info/gnd/1026748496</subfield>
      <subfield code="a">Vermandois, Louis de Bourbon &#152;de&#156;</subfield>
      <subfield code="d">1667-1683</subfield>
      <subfield code="4">bezf</subfield>
      <subfield code="4">https://d-nb.info/standards/elementset/gnd#familialRelationship</subfield>
      <subfield code="w">r</subfield>
      <subfield code="i">Beziehung familiaer</subfield>
      <subfield code="e">Beziehung familiaer</subfield>
      <subfield code="9">v:Sohn</subfield>
    </datafield>
    <datafield tag="548" ind1=" " ind2=" ">
      <subfield code="a">06.08.1644-06.06.1710</subfield>
      <subfield code="4">datx</subfield>
      <subfield code="4">https://d-nb.info/standards/elementset/gnd#dateOfBirthAndDeath</subfield>
      <subfield code="w">r</subfield>
      <subfield code="i">Exakte Lebensdaten</subfield>
    </datafield>
    <datafield tag="548" ind1=" " ind2=" ">
      <subfield code="a">1644-1710</subfield>
      <subfield code="4">datl</subfield>
      <subfield code="4">https://d-nb.info/standards/elementset/gnd#dateOfBirthAndDeath</subfield>
      <subfield code="w">r</subfield>
      <subfield code="i">Lebensdaten</subfield>
    </datafield>
    <datafield tag="550" ind1=" " ind2=" ">
      <subfield code="0">(DE-101)946015651</subfield>
      <subfield code="0">(DE-588)4391190-0</subfield>
      <subfield code="0">https://d-nb.info/gnd/4391190-0</subfield>
      <subfield code="a">Mätresse</subfield>
      <subfield code="4">berc</subfield>
      <subfield code="4">https://d-nb.info/standards/elementset/gnd#professionOrOccupation</subfield>
      <subfield code="w">r</subfield>
      <subfield code="i">Charakteristischer Beruf</subfield>
    </datafield>
    <datafield tag="667" ind1=" " ind2=" ">
      <subfield code="a">12</subfield>
    </datafield>
    <datafield tag="667" ind1=" " ind2=" ">
      <subfield code="a">7</subfield>
    </datafield>
    <datafield tag="667" ind1=" " ind2=" ">
      <subfield code="a">SWB</subfield>
    </datafield>
    <datafield tag="667" ind1=" " ind2=" ">
      <subfield code="a">4ELRAKm</subfield>
    </datafield>
    <datafield tag="670" ind1=" " ind2=" ">
      <subfield code="a">LoC-NA</subfield>
    </datafield>
    <datafield tag="670" ind1=" " ind2=" ">
      <subfield code="a">LCAuth</subfield>
    </datafield>
    <datafield tag="670" ind1=" " ind2=" ">
      <subfield code="b">PND, LOC-NA, BN</subfield>
    </datafield>
    <datafield tag="672" ind1=" " ind2="0">
      <subfield code="a">LaVallière, Louise F. de: Réflexions sur la misèricorde de Dieu</subfield>
      <subfield code="f">1712</subfield>
    </datafield>
    <datafield tag="672" ind1=" " ind2="0">
      <subfield code="a">LaVallière, Louise F. de: Réflexions sur la misericorde de dieu</subfield>
      <subfield code="f">1682</subfield>
    </datafield>
    <datafield tag="672" ind1=" " ind2="0">
      <subfield code="a">LaVallière, Louise F. de: Réflexions sur la misericorde de dieu</subfield>
      <subfield code="f">1700</subfield>
    </datafield>
    <datafield tag="672" ind1=" " ind2="0">
      <subfield code="a">LaVallière, Louise F. de: Reflexions sur le Misericorde de Dieu et lettres de Madame d*</subfield>
      <subfield code="f">1816</subfield>
    </datafield>
    <datafield tag="672" ind1=" " ind2="0">
      <subfield code="a">LaVallière, Louise F. de : Reflexions sur la Misericorde de Dieu</subfield>
      <subfield code="f">1712</subfield>
    </datafield>
    <datafield tag="672" ind1=" " ind2="0">
      <subfield code="a">XXIV Betrachtungen über die Barmhertzigkeit Gottes</subfield>
      <subfield code="f">1720</subfield>
    </datafield>
    <datafield tag="672" ind1=" " ind2="0">
      <subfield code="a">Der Hoch-Adelichen Dame Loui͏̈se Françoise De LaValliere, Anjetzo aber Demüthigen Schwester Loui͏̈se de la Misericorde, Andächtige Buß-Seufftzer</subfield>
      <subfield code="f">1692</subfield>
    </datafield>
    <datafield tag="672" ind1=" " ind2="0">
      <subfield code="a">Réflexions sur la miséricorde de Dieu</subfield>
      <subfield code="f">1682</subfield>
    </datafield>
    <datafield tag="672" ind1=" " ind2="0">
      <subfield code="a">Mémoires de Madame de LaVallière. - 18XX</subfield>
    </datafield>
    <datafield tag="672" ind1=" " ind2="0">
      <subfield code="a">Betrachtungen über die Barmherzigkeit Gottes</subfield>
      <subfield code="f">1742</subfield>
    </datafield>
    <datafield tag="678" ind1=" " ind2=" ">
      <subfield code="b">Herzogin; Mätresse Ludwig XIV.</subfield>
    </datafield>
    <datafield tag="678" ind1=" " ind2=" ">
      <subfield code="b">LaVallière trat 1674 in ein Karmelitinnenkloster ein u. nahm den Ordensnamen Louise de la Miséricorde an; Mätresse Ludwig XIV.</subfield>
    </datafield>
    <datafield tag="678" ind1=" " ind2=" ">
      <subfield code="b">Mätresse Ludwig XIV., ab 1674 Karmelitin</subfield>
    </datafield>
    <datafield tag="678" ind1=" " ind2=" ">
      <subfield code="b">Herzogin, Mätresse Ludwig XIV.; sie trat 1674 in ein Karmelitinnen- kloster ein u. nahm den Ordensnamen Louise de la Miséricorde an</subfield>
    </datafield>
    <datafield tag="913" ind1=" " ind2=" ">
      <subfield code="S">pnd</subfield>
      <subfield code="i">a</subfield>
      <subfield code="a">La Vallière, Françoise-Louise de LaBaume LeBlanc /de</subfield>
      <subfield code="0">(DE-588a)118640356</subfield>
    </datafield>
    <datafield tag="913" ind1=" " ind2=" ">
      <subfield code="S">pnd</subfield>
      <subfield code="i">a</subfield>
      <subfield code="a">LaVallière, Louise Françoise /de</subfield>
      <subfield code="0">(DE-588a)172219825</subfield>
    </datafield>
    <datafield tag="913" ind1=" " ind2=" ">
      <subfield code="S">pnd</subfield>
      <subfield code="i">a</subfield>
      <subfield code="a">La Vallière, Louise Françoise /de</subfield>
      <subfield code="0">(DE-588a)187567794</subfield>
    </datafield>
  </record>
